<?xml version="1.0" encoding="UTF-8"?><collection xmlns="http://www.loc.gov/MARC21/slim"><record><leader>00466nam--2200121-i-4500</leader><controlfield tag="001">000029995</controlfield><controlfield tag="002">20161230</controlfield><controlfield tag="005">20161230201038</controlfield><controlfield tag="008">060222s1000------------r-----000-0-eng-d</controlfield><datafield ind1=" " ind2=" " tag="100"><subfield code="a">Lamalle,  Maurice</subfield></datafield><datafield ind1=" " ind2=" " tag="245"><subfield code="a">Etude et realisation d`un spectrometre dont le temps de resolution est de l`ordre de la millimicroseconde.utilisation d`un systeme slow-fast et emploi de la methode des coincidences retardees</subfield></datafield><datafield ind1=" " ind2=" " tag="260"><subfield code="a">Lyon, Faculte Des Sciences, 1959. 44p</subfield></datafield><datafield ind1=" " ind2=" " tag="852"><subfield code="a">6419</subfield></datafield></record></collection>